@book{Frank,
  author    = "Frank R. Giordano, William P. Fox, Steven B Horton",
  title     = "A First Course in Mathematical Modeling",
  publisher = "Brooks/Cole, Cengage Learning",
  year      = "2014, 2009, 2003",
  edition   = "5",
  pages     = ""
}
@article{:,
  author  = "",
  title   = "",
  journal = "",
  year    = "",
  volume  = "",
  number  = "",
  pages   = "",
  month   = "",
  url     = ""
}



@manual{tag,
title="",
  author = "",
note   = "\url{yes}",
  year=""
}



